<record><leader>00000cas a22000007a 4500</leader><controlfield tag="001">11183103</controlfield><controlfield tag="008">840921d18711881iauwr ne      0    0eng d</controlfield><datafield ind1=" " ind2=" " tag="010"><subfield code="a">sn 84038134 </subfield></datafield><datafield ind1=" " ind2=" " tag="040"><subfield code="a">NPX</subfield><subfield code="b">eng</subfield><subfield code="c">NPX</subfield><subfield code="d">INP</subfield><subfield code="d">OCLCQ</subfield></datafield><datafield ind1=" " ind2=" " tag="042"><subfield code="a">msc</subfield></datafield><datafield ind1="0" ind2="0" tag="245"><subfield code="a">Dexter weekly herald.</subfield></datafield><datafield ind1="1" ind2="3" tag="246"><subfield code="a">Dexter herald</subfield></datafield><datafield ind1=" " ind2=" " tag="260"><subfield code="a">Dexter, Iowa :</subfield><subfield code="b">J.J. Davies</subfield></datafield><datafield ind1=" " ind2=" " tag="300"><subfield code="a">v.</subfield></datafield><datafield ind1=" " ind2=" " tag="310"><subfield code="a">Weekly</subfield></datafield><datafield ind1="1" ind2=" " tag="362"><subfield code="a">Began in Jan. 1871; ceased in 1881.</subfield><subfield code="z">Cf. Bibl. of Iowa newspapers.</subfield></datafield><datafield ind1=" " ind2=" " tag="500"><subfield code="a">"Weekly" appears within title ornament, &lt;1876-Aug. 6, 1880&gt;.</subfield></datafield><datafield ind1=" " ind2=" " tag="500"><subfield code="a">Publisher varies.</subfield></datafield><datafield ind1=" " ind2=" " tag="500"><subfield code="a">Editor: J.J. Davies, &lt;1876&gt;.</subfield></datafield><datafield ind1=" " ind2=" " tag="588"><subfield code="a">Description based on: Vol. 6, no. 25 (July 8, 1876).</subfield></datafield><datafield ind1=" " ind2=" " tag="752"><subfield code="a">United States</subfield><subfield code="b">Iowa</subfield><subfield code="c">Dallas</subfield><subfield code="d">Dexter.</subfield></datafield><datafield ind1="0" ind2="0" tag="785"><subfield code="t">Dexter sentinel (Dexter, Iowa : 1881)</subfield><subfield code="w">(DLC)sn 87057187</subfield></datafield><datafield ind1="1" ind2=" " tag="029"><subfield code="a">AU@</subfield><subfield code="b">000025818852</subfield></datafield></record>